<collection xmlns="http://www.loc.gov/MARC21/slim">
<record>
  <leader>02142nam0a2200301 i 450 </leader>
  <controlfield tag="001">IT\ICCU\CNCE\019101</controlfield>
  <controlfield tag="005">20070314000000.0</controlfield>
  <datafield tag="012" ind1=" " ind2=" ">
    <subfield code="a">a,r- o.er i-on aldi (3) 1566 (A)</subfield>
    <subfield code="2">fei</subfield>
  </datafield>
  <datafield tag="100" ind1=" " ind2=" ">
    <subfield code="a">19970101d1566        0itac0103    ba</subfield>
  </datafield>
  <datafield tag="101" ind1=" " ind2=" ">
    <subfield code="a">ITA</subfield>
  </datafield>
  <datafield tag="102" ind1=" " ind2=" ">
    <subfield code="a">IT</subfield>
  </datafield>
  <datafield tag="200" ind1="1" ind2=" ">
    <subfield code="a">Del compendio dei secreti rationali, dell&apos;eccell. medico, &amp; cirugico m. Leonardo Fiorauanti bolognese, libri cinque. Nel primo de&apos; quali si tratta de&apos; secreti piu importanti nella professione medicinale. Nel secondo si insegnano molti secreti appartenenti alla cirugia, &amp; si mostra il modo d&apos;essercitarla. Nel terzo si contengono i secreti piu ueri &amp; approuati nell&apos;arte dell&apos;alchimia. Nel quarto si scriuono molti belletti, che usano le donne per parer belle. Nel quinto si comprendono i secreti piu notabiliin diuerse arti &amp; esercitij. Con la tauola di tutti i capitoli</subfield>
  </datafield>
  <datafield tag="210" ind1=" " ind2=" ">
    <subfield code="a">In Venetia</subfield>
    <subfield code="c">appresso Andrea Rauenoldo</subfield>
    <subfield code="d">1566</subfield>
    <subfield code="e">In Venetia</subfield>
    <subfield code="g">appresso Andrea Rauenoldo</subfield>
    <subfield code="h">1566</subfield>
  </datafield>
  <datafield tag="215" ind1=" " ind2=" ">
    <subfield code="a">\20!, 184 \i.e. 180! c.</subfield>
    <subfield code="d">8ʻ</subfield>
  </datafield>
  <datafield tag="620" ind1=" " ind2=" ">
    <subfield code="a">IT</subfield>
    <subfield code="d">Venezia</subfield>
  </datafield>
  <datafield tag="700" ind1=" " ind2="1">
    <subfield code="a">Fioravanti,</subfield>
    <subfield code="b">Leonardo</subfield>
    <subfield code="3">IT\ICCU\CNCA\005407</subfield>
  </datafield>
  <datafield tag="712" ind1="0" ind2="0">
    <subfield code="a">Ravenoldo, Andrea</subfield>
    <subfield code="3">IT\ICCU\CNCT\000075</subfield>
    <subfield code="4">650</subfield>
  </datafield>
  <datafield tag="790" ind1=" " ind2="1">
    <subfield code="a">Fieravanti,</subfield>
    <subfield code="b">Leonardo</subfield>
    <subfield code="3">IT\ICCU\CNCA\022151</subfield>
    <subfield code="z">Fioravanti, Leonardo</subfield>
  </datafield>
  <datafield tag="791" ind1="0" ind2="0">
    <subfield code="a">Revenoldo, Andrea</subfield>
    <subfield code="3">IT\ICCU\CNCT\002296</subfield>
    <subfield code="z">Ravenoldo, Andrea</subfield>
  </datafield>
  <datafield tag="791" ind1="0" ind2="0">
    <subfield code="a">Ravenoldus, Andreas</subfield>
    <subfield code="3">IT\ICCU\CNCT\005319</subfield>
    <subfield code="z">Ravenoldo, Andrea</subfield>
  </datafield>
  <datafield tag="801" ind1=" " ind2="3">
    <subfield code="a">IT</subfield>
    <subfield code="b">ICCU</subfield>
    <subfield code="c">20201114</subfield>
  </datafield>
  <datafield tag="899" ind1=" " ind2=" ">
    <subfield code="a">Biblioteca comunale Aurelio Saffi. Forl</subfield>
    <subfield code="1">FC0018</subfield>
    <subfield code="2">RAV FO</subfield>
  </datafield>
  <datafield tag="899" ind1=" " ind2=" ">
    <subfield code="a">Biblioteca provinciale Tommaso Stigliani. Matera</subfield>
    <subfield code="1">MT0029</subfield>
    <subfield code="2">BAS 01</subfield>
  </datafield>
  <datafield tag="899" ind1=" " ind2=" ">
    <subfield code="a">Biblioteca del Dipartimento di medicina sperimentale e patologia. Sezione di storia della medicina. Roma</subfield>
    <subfield code="1">RM0934</subfield>
    <subfield code="2">RMS M3</subfield>
  </datafield>
  <datafield tag="899" ind1=" " ind2=" ">
    <subfield code="a">Biblioteca provinciale Frati minori cappuccini. Torino</subfield>
    <subfield code="z">MUTILO</subfield>
    <subfield code="1">TO0264</subfield>
    <subfield code="2">TO0 84</subfield>
  </datafield>
  <datafield tag="899" ind1=" " ind2=" ">
    <subfield code="a">Nuova biblioteca pubblica Luigi Fumi. Orvieto</subfield>
    <subfield code="1">TR0022</subfield>
    <subfield code="2">UM1 06</subfield>
  </datafield>
  <datafield tag="911" ind1=" " ind2=" ">
    <subfield code="a">sul v. del coloph.</subfield>
    <subfield code="9">IT\ICCU\CNCM\001186</subfield>
  </datafield>
  <datafield tag="921" ind1=" " ind2=" ">
    <subfield code="a">IT\ICCU\CNCM\001186</subfield>
    <subfield code="b">Donna con una squadra. In alto sole raggiante scaccia le nuvole. Ai lati le iniziali A.R. In cornice</subfield>
    <subfield code="e">Omnia possum in eo qui fecit me</subfield>
    <subfield code="c">U199</subfield>
    <subfield code="d">Dimensioni: 4,5 x 4,7</subfield>
    <subfield code="f">OMNIAPOSSU</subfield>
    <subfield code="f">DONNA</subfield>
    <subfield code="f">SQUADRA</subfield>
    <subfield code="g">1566-1568</subfield>
  </datafield>
</record>
</collection>
